[gd_scene load_steps=27 format=2]

[ext_resource path="res://Coin.gd" type="Script" id=1]
[ext_resource path="res://Transitions/CopperToSilver.tscn" type="PackedScene" id=2]
[ext_resource path="res://CoinSprites/Copper/CopperAfraid.tres" type="Animation" id=3]
[ext_resource path="res://CoinSprites/Copper/CopperCheer.tres" type="Animation" id=4]
[ext_resource path="res://CoinSprites/Copper/CopperFall.tres" type="Animation" id=5]
[ext_resource path="res://CoinSprites/Copper/CopperJumpLeft.tres" type="Animation" id=6]
[ext_resource path="res://CoinSprites/Copper/CopperJumpRight.tres" type="Animation" id=7]
[ext_resource path="res://CoinSprites/Copper/CopperNeutral.tres" type="Animation" id=8]
[ext_resource path="res://CoinSprites/Copper/CopperWalkLeft.tres" type="Animation" id=9]
[ext_resource path="res://CoinSprites/Copper/CopperWalkRight.tres" type="Animation" id=10]
[ext_resource path="res://CoinSprites/Copper/Background.png" type="Texture" id=11]
[ext_resource path="res://CoinSprites/Copper/Foreground.png" type="Texture" id=12]
[ext_resource path="res://CoinSprites/Copper/EyeWhite.png" type="Texture" id=13]
[ext_resource path="res://CoinSprites/Copper/EyeGreen.png" type="Texture" id=14]
[ext_resource path="res://CoinSprites/Copper/Mouth.png" type="Texture" id=15]
[ext_resource path="res://CoinSprites/Copper/Limb.png" type="Texture" id=16]
[ext_resource path="res://CoinSprites/Copper/Hand.png" type="Texture" id=17]
[ext_resource path="res://CoinSprites/Copper/Foot.png" type="Texture" id=18]
[ext_resource path="res://SFX/JumpStream.tscn" type="PackedScene" id=19]
[ext_resource path="res://SFX/LandStream.tscn" type="PackedScene" id=20]
[ext_resource path="res://SFX/Cheer.tscn" type="PackedScene" id=21]
[ext_resource path="res://SFX/CopperCheer.wav" type="AudioStream" id=22]
[ext_resource path="res://SFX/Turn.tscn" type="PackedScene" id=23]
[ext_resource path="res://SFX/CopperTurn.wav" type="AudioStream" id=24]

[sub_resource type="RectangleShape2D" id=1]
extents = Vector2( 27.3931, 58 )

[sub_resource type="CircleShape2D" id=2]
radius = 128.0

[node name="Copper" type="KinematicBody2D"]
collision_layer = 2
collision_mask = 7
script = ExtResource( 1 )
speed = 600
jump_power = 1300
acceleration = 5.0
extra_gravity = 2000
Transition = ExtResource( 2 )

[node name="AnimationPlayer" type="AnimationPlayer" parent="."]
anims/Afraid = ExtResource( 3 )
anims/Cheer = ExtResource( 4 )
anims/Fall = ExtResource( 5 )
anims/JumpLeft = ExtResource( 6 )
anims/JumpRight = ExtResource( 7 )
anims/Neutral = ExtResource( 8 )
anims/WalkLeft = ExtResource( 9 )
anims/WalkRight = ExtResource( 10 )
next/Neutral = "Neutral"

[node name="Background" type="Sprite" parent="."]
editor/display_folded = true
texture = ExtResource( 11 )

[node name="Face" type="Sprite" parent="Background"]
position = Vector2( 2, 0.918103 )
texture = ExtResource( 12 )

[node name="LeftEye" type="Sprite" parent="Background/Face"]
position = Vector2( -23, -17 )
texture = ExtResource( 13 )

[node name="Pupil" type="Sprite" parent="Background/Face/LeftEye"]
texture = ExtResource( 14 )

[node name="RightEye" type="Sprite" parent="Background/Face"]
position = Vector2( 19, -17 )
texture = ExtResource( 13 )

[node name="Pupil" type="Sprite" parent="Background/Face/RightEye"]
texture = ExtResource( 14 )

[node name="Mouth" type="Sprite" parent="Background/Face"]
position = Vector2( 0, 24 )
scale = Vector2( 1, 0.5 )
texture = ExtResource( 15 )

[node name="LeftArm" type="Sprite" parent="Background/Face"]
position = Vector2( -48, -2 )
rotation = -1.5708
z_index = 1
texture = ExtResource( 16 )
offset = Vector2( -8, 0 )

[node name="Hand" type="Sprite" parent="Background/Face/LeftArm"]
position = Vector2( -24, 0 )
texture = ExtResource( 17 )

[node name="RightArm" type="Sprite" parent="Background/Face"]
position = Vector2( 44, -2 )
rotation = -1.5708
z_index = -1
texture = ExtResource( 16 )
offset = Vector2( -8, 0 )

[node name="Hand" type="Sprite" parent="Background/Face/RightArm"]
position = Vector2( -24, 0 )
texture = ExtResource( 17 )

[node name="LeftLeg" type="Sprite" parent="Background/Face"]
position = Vector2( -21, 43 )
rotation = -1.5708
z_index = 1
texture = ExtResource( 16 )
offset = Vector2( -8, 0 )

[node name="LeftFoot" type="Sprite" parent="Background/Face/LeftLeg"]
position = Vector2( -17.9252, 0.463974 )
rotation = 1.5708
scale = Vector2( -1, 1 )
texture = ExtResource( 18 )
offset = Vector2( -6, 0 )

[node name="RightLeg" type="Sprite" parent="Background/Face"]
position = Vector2( 18, 43 )
rotation = -1.5708
z_index = -1
texture = ExtResource( 16 )
offset = Vector2( -8, 0 )

[node name="RightFoot" type="Sprite" parent="Background/Face/RightLeg"]
position = Vector2( -17.9252, 0.463974 )
rotation = 1.5708
texture = ExtResource( 18 )
offset = Vector2( 6, 0 )

[node name="CollisionShape2D" type="CollisionShape2D" parent="."]
position = Vector2( 1, 9 )
scale = Vector2( 1.3142, 1 )
shape = SubResource( 1 )

[node name="FriendZone" type="Area2D" parent="."]
collision_layer = 8
collision_mask = 2

[node name="CollisionShape2D" type="CollisionShape2D" parent="FriendZone"]
shape = SubResource( 2 )

[node name="JumpStream" parent="." instance=ExtResource( 19 )]

[node name="LandStream" parent="." instance=ExtResource( 20 )]

[node name="Cheer" parent="." instance=ExtResource( 21 )]
stream = ExtResource( 22 )

[node name="Turn" parent="." instance=ExtResource( 23 )]
stream = ExtResource( 24 )

