[gd_scene load_steps=13 format=2]

[ext_resource path="res://End.gd" type="Script" id=1]
[ext_resource path="res://Hand/EndBG.png" type="Texture" id=2]
[ext_resource path="res://Hand/Scratcher.png" type="Texture" id=3]
[ext_resource path="res://Hand/Hand.tscn" type="PackedScene" id=4]
[ext_resource path="res://CoinSprites/Plat/Background.png" type="Texture" id=5]
[ext_resource path="res://CoinSprites/Plat/Face.png" type="Texture" id=6]
[ext_resource path="res://CoinSprites/Plat/Pupil.png" type="Texture" id=7]
[ext_resource path="res://CoinSprites/Plat/Mouth.png" type="Texture" id=8]
[ext_resource path="res://CoinSprites/Plat/Limb.png" type="Texture" id=9]
[ext_resource path="res://CoinSprites/Plat/Hand.png" type="Texture" id=10]
[ext_resource path="res://CoinSprites/Plat/Foot.png" type="Texture" id=11]

[sub_resource type="Animation" id=1]
resource_name = "Scratch"
length = 2.0
loop = true
tracks/0/type = "value"
tracks/0/path = NodePath("Hand:position")
tracks/0/interp = 1
tracks/0/loop_wrap = true
tracks/0/imported = false
tracks/0/enabled = true
tracks/0/keys = {
"times": PoolRealArray( 0, 1, 2 ),
"transitions": PoolRealArray( 1, 1, 1 ),
"update": 0,
"values": [ Vector2( 640.82, 194.177 ), Vector2( 473.279, 345.966 ), Vector2( 640.82, 194.177 ) ]
}
tracks/1/type = "value"
tracks/1/path = NodePath("Hand:rotation_degrees")
tracks/1/interp = 1
tracks/1/loop_wrap = true
tracks/1/imported = false
tracks/1/enabled = true
tracks/1/keys = {
"times": PoolRealArray( 0, 1, 2 ),
"transitions": PoolRealArray( 1, 1, 1 ),
"update": 0,
"values": [ 116.608, 96.2719, 116.608 ]
}
tracks/2/type = "value"
tracks/2/path = NodePath("Hand/Coin/Face/Sprite:position")
tracks/2/interp = 1
tracks/2/loop_wrap = true
tracks/2/imported = false
tracks/2/enabled = true
tracks/2/keys = {
"times": PoolRealArray( 0, 1, 2 ),
"transitions": PoolRealArray( 1, 1, 1 ),
"update": 0,
"values": [ Vector2( -7.4516, 28.8618 ), Vector2( -3.97748, -82.6765 ), Vector2( -7.4516, 28.8618 ) ]
}
tracks/3/type = "value"
tracks/3/path = NodePath("Hand/Coin/Face/Sprite2:rotation_degrees")
tracks/3/interp = 1
tracks/3/loop_wrap = true
tracks/3/imported = false
tracks/3/enabled = true
tracks/3/keys = {
"times": PoolRealArray( 0, 1, 2 ),
"transitions": PoolRealArray( 1, 1, 1 ),
"update": 0,
"values": [ -19.6398, 7.93194, -19.6398 ]
}
tracks/4/type = "value"
tracks/4/path = NodePath("Hand/Coin/Face/Sprite2:position")
tracks/4/interp = 1
tracks/4/loop_wrap = true
tracks/4/imported = false
tracks/4/enabled = true
tracks/4/keys = {
"times": PoolRealArray( 0, 1, 2 ),
"transitions": PoolRealArray( 1, 1, 1 ),
"update": 0,
"values": [ Vector2( 6.15961, 127.678 ), Vector2( 0.821228, 76.0009 ), Vector2( 6.15961, 127.678 ) ]
}
tracks/5/type = "value"
tracks/5/path = NodePath("Hand/Coin/Face/Sprite3:rotation_degrees")
tracks/5/interp = 1
tracks/5/loop_wrap = true
tracks/5/imported = false
tracks/5/enabled = true
tracks/5/keys = {
"times": PoolRealArray( 0, 1, 2 ),
"transitions": PoolRealArray( 1, 1, 1 ),
"update": 0,
"values": [ -69.3783, 92.5591, -69.3783 ]
}
tracks/6/type = "value"
tracks/6/path = NodePath("Hand/Coin/Face/Sprite4:rotation_degrees")
tracks/6/interp = 1
tracks/6/loop_wrap = true
tracks/6/imported = false
tracks/6/enabled = true
tracks/6/keys = {
"times": PoolRealArray( 0, 1, 2 ),
"transitions": PoolRealArray( 1, 1, 1 ),
"update": 0,
"values": [ -88.1162, 33.281, -88.1162 ]
}
tracks/7/type = "value"
tracks/7/path = NodePath("Hand/Coin/Face/Sprite4/Sprite:rotation_degrees")
tracks/7/interp = 1
tracks/7/loop_wrap = true
tracks/7/imported = false
tracks/7/enabled = true
tracks/7/keys = {
"times": PoolRealArray( 0, 1, 2 ),
"transitions": PoolRealArray( 1, 1, 1 ),
"update": 0,
"values": [ -372.352, -302.037, -372.352 ]
}

[node name="Node2D" type="Node2D"]
script = ExtResource( 1 )

[node name="Background" type="Sprite" parent="."]
position = Vector2( 509.399, 297.869 )
scale = Vector2( 17.16, 10.68 )
texture = ExtResource( 2 )

[node name="Sprite" type="Sprite" parent="."]
position = Vector2( 347.514, 256.858 )
rotation = -0.397242
scale = Vector2( 0.5, 0.5 )
texture = ExtResource( 3 )

[node name="Hand" parent="." instance=ExtResource( 4 )]
editor/display_folded = true
position = Vector2( 506.668, 315.716 )
rotation = 1.751
scale = Vector2( 0.25, 0.25 )

[node name="Coin" type="Sprite" parent="Hand"]
position = Vector2( -102.637, 358.789 )
rotation = -1.83259
scale = Vector2( 2, 2 )
texture = ExtResource( 5 )

[node name="Face" type="Sprite" parent="Hand/Coin"]
position = Vector2( 16, 16 )
texture = ExtResource( 6 )

[node name="Sprite" type="Sprite" parent="Hand/Coin/Face"]
position = Vector2( -4.66984, -60.448 )
texture = ExtResource( 7 )

[node name="Sprite2" type="Sprite" parent="Hand/Coin/Face"]
position = Vector2( 1.88512, 86.2997 )
rotation = 0.0425362
texture = ExtResource( 8 )
flip_v = true

[node name="Sprite3" type="Sprite" parent="Hand/Coin/Face"]
editor/display_folded = true
position = Vector2( -172.606, -12.2682 )
rotation = 1.0522
texture = ExtResource( 9 )
offset = Vector2( -126.402, -1.33334 )

[node name="Sprite" type="Sprite" parent="Hand/Coin/Face/Sprite3"]
position = Vector2( -266.979, 2.88464 )
rotation = -3.06898
scale = Vector2( 1.5, 1.5 )
texture = ExtResource( 10 )

[node name="Sprite4" type="Sprite" parent="Hand/Coin/Face"]
position = Vector2( -83.8232, 165.296 )
rotation = 0.158609
texture = ExtResource( 9 )
offset = Vector2( -126.402, -1.33334 )

[node name="Sprite" type="Sprite" parent="Hand/Coin/Face/Sprite4"]
position = Vector2( -259.444, -1.23865 )
rotation = -5.51612
scale = Vector2( 1.5, 1.5 )
texture = ExtResource( 11 )
offset = Vector2( -64.6697, -0.520538 )

[node name="AnimationPlayer" type="AnimationPlayer" parent="."]
autoplay = "Scratch"
anims/Scratch = SubResource( 1 )

