[gd_scene load_steps=14 format=2]

[ext_resource path="res://Stuff/ExitDiscMask.png" type="Texture" id=1]
[ext_resource path="res://Stuff/ExitDisc.png" type="Texture" id=2]

[sub_resource type="VisualShaderNodeVectorOp" id=10]
operator = 2

[sub_resource type="VisualShaderNodeTransformVecMult" id=11]

[sub_resource type="VisualShaderNodeScalarOp" id=12]
operator = 2

[sub_resource type="VisualShaderNodeInput" id=6]
input_name = "uv"

[sub_resource type="VisualShaderNodeTextureUniform" id=7]
uniform_name = "Mask"

[sub_resource type="VisualShaderNodeScalarOp" id=9]
operator = 7

[sub_resource type="VisualShaderNodeTexture" id=13]
source = 2

[sub_resource type="VisualShaderNodeInput" id=14]
input_name = "time"

[sub_resource type="VisualShaderNodeScalarUniform" id=15]
uniform_name = "RotationSpeed"

[sub_resource type="VisualShader" id=8]
code = "shader_type canvas_item;
uniform sampler2D Mask;



void vertex() {
// Output:0

}

void fragment() {
// Input:2
	vec3 n_out2p0;
	n_out2p0 = vec3(UV,0.0);

// Texture:6
	vec3 n_out6p0;
	float n_out6p1;
	{
		vec4 _tex_read = texture( TEXTURE , n_out2p0.xy );
		n_out6p0 = _tex_read.rgb;
		n_out6p1 = _tex_read.a;
	}

// TextureUniform:3
	vec3 n_out3p0;
	float n_out3p1;
	{
		vec4 n_tex_read = texture( Mask , n_out2p0.xy );
		n_out3p0 = n_tex_read.rgb;
		n_out3p1 = n_tex_read.a;
	}

// ScalarOp:5
	float n_out5p0;
	n_out5p0 = min( n_out3p1 , n_out6p1 );

// Output:0
	COLOR.rgb = n_out6p0;
	COLOR.a = n_out5p0;

}

void light() {
// Output:0

}
"
graph_offset = Vector2( -780.5, 19 )
mode = 1
flags/light_only = false
nodes/fragment/0/position = Vector2( 640, 140 )
nodes/fragment/2/node = SubResource( 6 )
nodes/fragment/2/position = Vector2( -460, 100 )
nodes/fragment/3/node = SubResource( 7 )
nodes/fragment/3/position = Vector2( -20, 60 )
nodes/fragment/5/node = SubResource( 9 )
nodes/fragment/5/position = Vector2( 280, 80 )
nodes/fragment/6/node = SubResource( 13 )
nodes/fragment/6/position = Vector2( 0, 240 )
nodes/fragment/8/node = SubResource( 14 )
nodes/fragment/8/position = Vector2( -480, 260 )
nodes/fragment/9/node = SubResource( 15 )
nodes/fragment/9/position = Vector2( -480, 360 )
nodes/fragment/10/node = SubResource( 10 )
nodes/fragment/10/position = Vector2( 0, 380 )
nodes/fragment/11/node = SubResource( 11 )
nodes/fragment/11/position = Vector2( 220, 360 )
nodes/fragment/12/node = SubResource( 12 )
nodes/fragment/12/position = Vector2( -240, 320 )
nodes/fragment/connections = PoolIntArray( 2, 0, 3, 0, 3, 1, 5, 0, 2, 0, 6, 0, 6, 0, 0, 0, 5, 0, 0, 1, 6, 1, 5, 1, 9, 0, 12, 1, 8, 0, 12, 0 )

[sub_resource type="ShaderMaterial" id=5]
shader = SubResource( 8 )
shader_param/Mask = ExtResource( 1 )

[node name="Exit" type="Node2D"]

[node name="Sprite" type="Sprite" parent="."]
material = SubResource( 5 )
scale = Vector2( 3, 3 )
texture = ExtResource( 2 )

[node name="Area2D" type="Area2D" parent="."]
visible = false

[node name="CollisionPolygon2D" type="CollisionPolygon2D" parent="Area2D"]
polygon = PoolVector2Array( 0, 0, 0, 0, -1091.2, 1084.8, -766.655, 1335.16, -324.661, 1505.16, -3.21045, 1539.16, 469.692, 1464.98, 859.142, 1279.53, 1084.78, 1087.89 )

